
@misc{
	Altera_Quartus_Handbook_2010,
	author={{Altera Corporation}},
	note={\newline\url{http://www.altera.com/}},
	title={{Quartus II Handbook (version 10.0)}},
	year={2010}
}

@misc{
	Altera_Tcl_Manual_2009,
	author={{Altera Corporation}},
	note={\newline\url{http://www.altera.com/}},
	title={{Quartus II Scripting Reference Manual (version 9.1)}},
	year={2009}
}

@misc{
	Altera_Virtual_JTAG_2008,
	author={{Altera Corporation}},
	note={\newline\url{http://www.altera.com/}},
	title={{Virtual JTAG Megafunction User's Guide (version 2.0)}},
	month=dec,
	year={2008}
}
